% This file was created with JabRef 2.3b2.
% Encoding: Cp1252
@preamble{ " \newcommand{\noop}[1]{} " } % a do-nothing command that serves a purpose


@ARTICLE{le17,
  title={Differential privacy-based evaporative cooling feature selection and classification with relief-F and random forests},
  author={Le, Trang T and Simmons, W Kyle and Misaki, Masaya and Bodurka, Jerzy and White, Bill C and Savitz, Jonathan and McKinney, Brett A},
  journal={Bioinformatics},
  volume={33},
  number={18},
  pages={2906--2913},
  year={2017},
  publisher={Oxford University Press}
}

@article{stir,
author = {Le, Trang T and Urbanowicz, Ryan J and Moore, Jason H and McKinney, Brett A},
title = {STatistical Inference Relief (STIR) feature selection},
journal = {Bioinformatics},
volume = {},
number = {},
pages = {bty788},
year = {2018},
doi = {10.1093/bioinformatics/bty788},
URL = {http://dx.doi.org/10.1093/bioinformatics/bty788},
}

@article{breen12,
author = {Breen, MS and Kemena, C and Vlasov, PK and Notredame, C and Kondrashov FA},
title = {Epistasis as the primary factor in molecular evolution},
journal = {Nature},
volume = {490},
number = {7421},
pages = {535-8},
year = {2012},
doi = {10.1038/nature11510}
}

 
@article{schork12,
  title={Statistical properties of multivariate distance matrix regression for high-dimensional data analysis},
  author={Schork, Nicholas J and Zapala, Matthew A},
  journal={Frontiers in genetics},
  volume={3},
  pages={190},
  year={2012},
  publisher={Frontiers}
}


@article{titv,
  title={Transition-transversion encoding and genetic relationship metric in ReliefF feature selection improves pathway enrichment in GWAS},
  author={Arabnejad, Marziyeh and Dawkins, BD and Bush, WS and White, BC and Harkness, AR and McKinney, Brett A},
  journal={BioData mining},
  volume={11},
  number={},
  pages={23},
  year={2015},
  publisher={BioMed Central}
}

@article{herzig12,
  title={Identification and functional expression of the mitochondrial pyruvate carrier},
  author={Herzig, S{\'e}bastien and Raemy, Etienne and Montessuit, Sylvie and Veuthey, Jean-Luc and Zamboni, Nicola and Westermann, Benedikt and Kunji, Edmund RS and Martinou, Jean-Claude},
  journal={Science},
  pages={1218530},
  year={2012},
  publisher={American Association for the Advancement of Science}
}

@article{xiao16,
  title={Replication of Han Chinese GWAS loci for schizophrenia via meta-analysis of four independent samples},
  author={Xiao, Xiao and Li, Ming},
  journal={Schizophrenia research},
  volume={172},
  number={1},
  pages={75--77},
  year={2016},
  publisher={Elsevier}
}

@article{lareau15,
  title={Differential co-expression network centrality and machine learning feature selection for identifying susceptibility hubs in networks with scale-free structure},
  author={Lareau, Caleb A and White, Bill C and Oberg, Ann L and McKinney, Brett A},
  journal={BioData mining},
  volume={8},
  number={1},
  pages={5},
  year={2015},
  publisher={BioMed Central}
}

@article{le18,
  title={Identification and replication of RNA-Seq gene network modules associated with depression severity.},
  author={Le, Trang T and Savitz, Jonathan and Suzuki, Hideo and Misaki, Masaya and Teague, T Kent and White, Bill C and Marino, Julie H and Wiley, Graham and Gaffney, Patrick M and Drevets, Wayne C and McKinney, Brett A. and Bodurka, Jerzy
 and McKinney, Brett A},
  journal={Translational Psychiatry},
  year = {\noop{2018}in press}
}



@article{benjamini01,
  title={Controlling the false discovery rate in behavior genetics research},
  author={Benjamini, Yoav and Drai, Dan and Elmer, Greg and Kafkafi, Neri and Golani, Ilan},
  journal={Behavioural brain research},
  volume={125},
  number={1-2},
  pages={279--284},
  year={2001},
  publisher={Elsevier}
}



@article{mckinney09,
	title = {Capturing the spectrum of interaction effects in genetic association studies by simulated evaporative cooling network analysis},
	volume = {5},
	issn = {1553-7404},
	doi = {10.1371/journal.pgen.1000432},
	language = {eng},
	number = {3},
	journal = {PLoS genetics},
	author = {McKinney, Brett A. and Crowe, James E. and Guo, Jingyu and Tian, Dehua},
	month = mar,
	year = {2009},
	pmid = {19300503},
	pmcid = {PMC2653647},
	keywords = {Alleles, Artificial Intelligence, Computational Biology, Computer Simulation, Genes, Genetic Predisposition to Disease, Genetic Variation, Humans, Internet, Phenotype, Smallpox Vaccine},
	pages = {e1000432}
}


@article{kononenko97,
	title = {Overcoming the {Myopia} of {Inductive} {Learning} {Algorithms} with {RELIEFF}},
	volume = {7},
	issn = {0924-669X, 1573-7497},
	url = {https://link.springer.com/article/10.1023/A:1008280620621},
	doi = {10.1023/A:1008280620621},
	language = {en},
	number = {1},
	urldate = {2018-05-21},
	journal = {Applied Intelligence},
	author = {Kononenko, Igor and {\v{S}}imec, Edvard and Robnik-{\v{S}}ikonja, Marko},
	month = jan,
	year = {1997},
	pages = {39--55},
	file = {Full Text PDF:/Users/ttle/Zotero/storage/AMZURUKL/Kononenko et al. - 1997 - Overcoming the Myopia of Inductive Learning Algori.pdf:application/pdf;Snapshot:/Users/ttle/Zotero/storage/CBDTFEV8/A1008280620621.html:text/html}
}

@article{greene09,
	title = {Spatially {Uniform} {ReliefF} ({SURF}) for computationally-efficient filtering of gene-gene interactions},
	volume = {2},
	issn = {1756-0381},
	url = {https://doi.org/10.1186/1756-0381-2-5},
	doi = {10.1186/1756-0381-2-5},
	urldate = {2018-05-21},
	journal = {BioData Mining},
	author = {Greene, Casey S. and Penrod, Nadia M. and Kiralis, Jeff and Moore, Jason H.},
	month = sep,
	year = {2009},
	keywords = {Common Human Disease, Increase Success Rate, Multifactor Dimensionality Reduction, Multifactor Dimensionality Reduction Analysis, Relevant SNPs},
	pages = {5},
	annote = {Pages 5 in PDF},
	file = {Full Text PDF:/Users/ttle/Zotero/storage/X3TGVSFT/Greene et al. - 2009 - Spatially Uniform ReliefF (SURF) for computational.pdf:application/pdf;Snapshot:/Users/ttle/Zotero/storage/6FZPK639/1756-0381-2-5.html:text/html}
}


@article{mckinney13,
  title={ReliefSeq: a gene-wise adaptive-K nearest-neighbor feature selection tool for finding gene-gene interactions and main effects in mRNA-Seq gene expression data},
  author={McKinney, Brett A and White, Bill C and Grill, Diane E and Li, Peter W and Kennedy, Richard B and Poland, Gregory A and Oberg, Ann L},
  journal={PloS one},
  volume={8},
  number={12},
  pages={e81527},
  year={2013},
  publisher={Public Library of Science}
}

@article{glmnet05,
  title={Regularization and variable selection via the elastic net},
  author={Zou, Hui and Hastie, Trevor},
  journal={Journal of the Royal Statistical Society: Series B (Statistical Methodology)},
  volume={67},
  number={2},
  pages={301--320},
  year={2005},
  publisher={Wiley Online Library}
}

@article{CoD,
title = "The curse(s) of dimensionality this-month",
author = "Altman, {Naomi S.} and Martin Krzywinski",
year = "2018",
month = "6",
day = "1",
doi = "10.1038/s41592-018-0019-x",
language = "English (US)",
volume = "15",
pages = "399--400",
journal = "Nature Methods",
issn = "1548-7091",
publisher = "Nature Publishing Group",
number = "6",
}

@article{riesselman18,
  title={Deep generative models of genetic variation capture the effects of mutations},
  author={Riesselman, Adam J and Ingraham, John B and Marks, Debora S},
  journal={Nature methods},
  volume={15},
  number={10},
  pages={816--822},
  year={2018}
}

@article{mostafavi14,
  title={Type I interferon signaling genes in recurrent major depression: increased expression detected by whole-blood RNA sequencing},
  author={Mostafavi, Sara and Battle, Alexis and Zhu, Xiaowei and Potash, James B and Weissman, Myrna M and Shi, Jianxin and Beckman, Kenneth and Haudenschild, Christian and McCormick, Courtney and Mei, Rui and others},
  journal={Molecular psychiatry},
  volume={19},
  number={12},
  pages={1267},
  year={2014},
  publisher={Nature Publishing Group}
}

@inproceedings{msurf13,
  title={Multiple threshold spatially uniform relieff for the genetic analysis of complex human diseases},
  author={Granizo-Mackenzie, Delaney and Moore, Jason H},
  booktitle={European Conference on Evolutionary Computation, Machine Learning and Data Mining in Bioinformatics},
  pages={1--10},
  year={2013},
  organization={Springer}
}

@article{le18_brainagesim,
  title={A nonlinear simulation framework supports adjusting for age when analyzing BrainAGE},
  author={Le, Trang T and Kuplicki, Rayus T and McKinney, Brett A and Yeh, Hung-wen and Thompson, Wesley K and Paulus, Martin P},
  journal={Frontiers in aging neuroscience},
  volume={10},
  year={2018},
  publisher={Frontiers Media SA}
}

@article{diffcoexp10,
  title={From ?differential expression?to ?differential networking?--identification of dysfunctional regulatory networks in diseases},
  author={De la Fuente, Alberto},
  journal={Trends in genetics},
  volume={26},
  number={7},
  pages={326--333},
  year={2010},
  publisher={Elsevier}
}

@article{li2011ccsvm,
  title={ccSVM: correcting Support Vector Machines for confounding factors in biological data classification},
  author={Li, Limin and Rakitsch, Barbara and Borgwardt, Karsten},
  journal={Bioinformatics},
  volume={27},
  number={13},
  pages={i342--i348},
  year={2011},
  publisher={Oxford University Press}
}

@article{linn2016,
  title={Addressing confounding in predictive models with an application to neuroimaging},
  author={Linn, Kristin A and Gaonkar, Bilwaj and Doshi, Jimit and Davatzikos, Christos and Shinohara, Russell T},
  journal={The international journal of biostatistics},
  volume={12},
  number={1},
  pages={31--44},
  year={2016},
  publisher={De Gruyter}
}

@article{rao2017,
  title={Predictive modelling using neuroimaging data in the presence of confounds},
  author={Rao, Anil and Monteiro, Joao M and Mourao-Miranda, Janaina and Alzheimer's Disease Initiative and others},
  journal={NeuroImage},
  volume={150},
  pages={23--49},
  year={2017},
  publisher={Elsevier}
}

@article{popstrat16,
  title={Control for population structure and relatedness for binary traits in genetic association studies via logistic mixed models},
  author={Chen, Han and Wang, Chaolong and Conomos, Matthew P and Stilp, Adrienne M and Li, Zilin and Sofer, Tamar and Szpiro, Adam A and Chen, Wei and Brehm, John M and Celed{\'o}n, Juan C and others},
  journal={The American Journal of Human Genetics},
  volume={98},
  number={4},
  pages={653--666},
  year={2016},
  publisher={Elsevier}
}
@article{weinreich13,
  title={Should evolutionary geneticists worry about higher-order epistasis?},
  author={Weinreich, DM and Lan, Y and Wyli,e CS and Heckendorn, RB},
  journal={Curr Opin Genet Dev.},
  volume={23},
  number={6},
  pages={700--7},
  year={2013},
  publisher={Springer}
}

@article{robnik03,
  title={Theoretical and empirical analysis of ReliefF and RReliefF},
  author={Robnik-{\v{S}}ikonja, Marko and Kononenko, Igor},
  journal={Machine learning},
  volume={53},
  number={1-2},
  pages={23--69},
  year={2003},
  publisher={Springer}
}


@inproceedings{rendell92,
  added-at = {2012-12-11T00:00:00.000+0100},
  author = {Kira, Kenji and Rendell, Larry A.},
  biburl = {https://www.bibsonomy.org/bibtex/252b5db025715606232b5355333f1d70f/dblp},
  booktitle = {Proceedings Tenth National Conference on Artificial Intelligence},
  ee = {http://www.aaai.org/Library/AAAI/1992/aaai92-020.php},
  isbn = {0-262-51063-4},
  keywords = {dblp},
  pages = {129-134},
  publisher = {AAAI Press/The MIT Press},
  timestamp = {2012-12-12T11:41:52.000+0100},
  title = {The Feature Selection Problem: Traditional Methods and a New Algorithm.},
  url = {http://dblp.uni-trier.de/db/conf/aaai/aaai92.html#KiraR92},
  year = 1992
}


@article{urbanowicz17, 
title={Benchmarking Relief-Based Feature Selection Methods for Bioinformatics Data Mining}, DOI={10.1016/j.jbi.2018.07.015}, 
journal={Journal of Biomedical Informatics}, 
author={Urbanowicz, Ryan J. and Olson, Randal S. and Schmitt, Peter and Meeker, Melissa and Moore, Jason H.}, 
volume={85},
pages={168-188},
year={2018}
}

@article{park13,
  title={Epigenetic epistatic interactions constrain the evolution of gene expression},
  author={Park, Solip and Lehner, Ben},
  journal={Molecular systems biology},
  volume={9},
  number={1},
  pages={645},
  year={2013},
  publisher={EMBO Press}
}

@article{wong15,
  title={IMP 2.0: a multi-species functional genomics portal for integration, visualization and prediction of protein functions and networks},
  author={Wong, Aaron K and Krishnan, Arjun and Yao, Victoria and Tadych, Alicja and Troyanskaya, Olga G},
  journal={Nucleic acids research},
  volume={43},
  number={W1},
  pages={W128--W133},
  year={2015},
  publisher={Oxford University Press}
}


@article{urbanowicz17b, 
    title={Relief-Based Feature Selection: Introduction and Review}, 
    DOI={10.1016/j.jbi.2018.07.014}, 
    journal={Journal of Biomedical Informatics}, 
    author={Urbanowicz, Ryan J. and Meeker, Melissa and Cava, William La and Olson, Randal S. and Moore, Jason H.}, 
    year={2018}
}

@article{lee13,
  title={Genetic relationship between five psychiatric disorders estimated from genome-wide SNPs},
  author={Lee, S Hong and Ripke, Stephan and Neale, Benjamin M and Faraone, Stephen V and Purcell, Shaun M and Perlis, Roy H and Mowry, Bryan J and Thapar, Anita and Goddard, Michael E and Witte, John S and others},
  journal={Nature genetics},
  volume={45},
  number={9},
  pages={984},
  year={2013},
  publisher={Nature Publishing Group}
}


@article{mckinney_pajewski,
  title={Six degrees of epistasis: statistical network models for GWAS},
  author={McKinney, Brett and Pajewski, Nicholas},
  journal={Frontiers in genetics},
  volume={2},
  pages={109},
  year={2012},
  publisher={Frontiers}
}

@article{lopes2010human,
  title={The human RPS4 paralogue on Yq11. 223 encodes a structurally conserved ribosomal protein and is preferentially expressed during spermatogenesis},
  author={Lopes, Alexandra M and Miguel, Ricardo N and Sargent, Carole A and Ellis, Peter J and Amorim, Ant{\'o}nio and Affara, Nabeel A},
  journal={BMC molecular biology},
  volume={11},
  number={1},
  pages={33},
  year={2010},
  publisher={BioMed Central}
}

@article{mckinney2009capturing,
title={Capturing the spectrum of interaction effects in genetic association studies by simulated evaporative cooling network analysis},
author={McKinney, Brett A and Crowe Jr, James E and Guo, Jingyu and Tian, Dehua},
journal={PLoS genetics},
volume={5},
number={3},
pages={e1000432},
year={2009},
publisher={Public Library of Science}
}

@article{winham2012snp,
title={SNP interaction detection with random forests in high-dimensional genetic data},
author={Winham, Stacey J and Colby, Colin L and Freimuth, Robert R and Wang, Xin and De Andrade, Mariza and Huebner, Marianne and Biernacka, Joanna M},
journal={BMC bioinformatics},
volume={13},
number={1},
pages={164},
year={2012},
publisher={BioMed Central}
}

@comment{jabref-meta: selector_publisher:}

@comment{jabref-meta: selector_author:}

@comment{jabref-meta: selector_journal:}

@comment{jabref-meta: selector_keywords:}